<record><leader>00000cas a22000007a 4500</leader><controlfield tag="001">10408223</controlfield><controlfield tag="008">840213d184u18uumeuwr ne      0    0eng d</controlfield><datafield ind1=" " ind2=" " tag="010"><subfield code="a">sn 84022453 </subfield></datafield><datafield ind1=" " ind2=" " tag="040"><subfield code="a">NPX</subfield><subfield code="b">eng</subfield><subfield code="c">NPX</subfield><subfield code="d">NPU</subfield><subfield code="d">MBN</subfield><subfield code="d">OCLCQ</subfield><subfield code="d">OCLCF</subfield><subfield code="d">OCLCO</subfield></datafield><datafield ind1=" " ind2=" " tag="042"><subfield code="a">msc</subfield></datafield><datafield ind1=" " ind2=" " tag="043"><subfield code="a">n-us-me</subfield></datafield><datafield ind1="0" ind2="0" tag="245"><subfield code="a">Cold water fountain, and Washingtonian journal.</subfield></datafield><datafield ind1=" " ind2=" " tag="260"><subfield code="a">Gardiner [Me.] :</subfield><subfield code="b">H.L. Weston &amp; F. Yates</subfield></datafield><datafield ind1=" " ind2=" " tag="300"><subfield code="a">v.</subfield></datafield><datafield ind1=" " ind2=" " tag="310"><subfield code="a">Weekly</subfield></datafield><datafield ind1=" " ind2=" " tag="500"><subfield code="a">Editor: F. Yates.</subfield></datafield><datafield ind1=" " ind2=" " tag="500"><subfield code="a">Published simultaneously at Portland, Me., &lt;1849-1850&gt;.</subfield></datafield><datafield ind1=" " ind2=" " tag="500"><subfield code="a">Publishers: H.L. Weston &amp; H.K. Morrell, &lt;1850&gt;.</subfield></datafield><datafield ind1=" " ind2=" " tag="580"><subfield code="a">Formed by the union of: Cold water fountain and Gardiner news-letter, and: Washingtonian journal.</subfield></datafield><datafield ind1=" " ind2=" " tag="588"><subfield code="a">Description based on: Vol. 6, no. 10 (Sept. 28, 1849).</subfield></datafield><datafield ind1=" " ind2="0" tag="651"><subfield code="a">Gardiner (Me.)</subfield><subfield code="v">Newspapers.</subfield></datafield><datafield ind1=" " ind2="0" tag="651"><subfield code="a">Portland (Me.)</subfield><subfield code="v">Newspapers.</subfield></datafield><datafield ind1=" " ind2="7" tag="655"><subfield code="a">Newspapers.</subfield><subfield code="2">fast</subfield><subfield code="0">(OCoLC)fst01423814</subfield></datafield><datafield ind1=" " ind2="7" tag="651"><subfield code="a">Maine</subfield><subfield code="z">Gardiner.</subfield><subfield code="2">fast</subfield><subfield code="0">(OCoLC)fst01223541</subfield></datafield><datafield ind1=" " ind2="7" tag="651"><subfield code="a">Maine</subfield><subfield code="z">Portland.</subfield><subfield code="2">fast</subfield><subfield code="0">(OCoLC)fst01213254</subfield></datafield><datafield ind1="1" ind2=" " tag="700"><subfield code="a">Yates, Freeman.</subfield></datafield><datafield ind1=" " ind2=" " tag="752"><subfield code="a">United States</subfield><subfield code="b">Maine</subfield><subfield code="c">Kennebec</subfield><subfield code="d">Gardiner.</subfield></datafield><datafield ind1=" " ind2=" " tag="752"><subfield code="a">United States</subfield><subfield code="b">Maine</subfield><subfield code="c">Cumberland</subfield><subfield code="d">Portland.</subfield></datafield><datafield ind1="1" ind2="4" tag="780"><subfield code="t">Cold water fountain and Gardiner news-letter</subfield><subfield code="w">(DLC)sn 96075109</subfield></datafield><datafield ind1="1" ind2="4" tag="780"><subfield code="t">Washingtonian journal</subfield><subfield code="w">(DLC)sn 84027115</subfield></datafield><datafield ind1="0" ind2="0" tag="785"><subfield code="t">Fountain and journal (Gardiner, Me.)</subfield><subfield code="w">(DLC)sn 95067862</subfield></datafield></record>